<marc:record xmlns:marc="http://www.loc.gov/MARC21/slim"><marc:leader>00623nam a22001570a 45 0</marc:leader><marc:controlfield tag="001">306989</marc:controlfield><marc:controlfield tag="003">NL-AMISG</marc:controlfield><marc:controlfield tag="005">19950210234845.0</marc:controlfield><marc:controlfield tag="008">199502suuuuuuuu||||||||||||||||||||||| d</marc:controlfield><marc:datafield ind1=" " ind2=" " tag="035"><marc:subfield code="a">(IISG)IISGb10058637</marc:subfield></marc:datafield><marc:datafield ind1=" " ind2=" " tag="040"><marc:subfield code="a">NL-AmISG</marc:subfield></marc:datafield><marc:datafield ind1="1" ind2=" " tag="100"><marc:subfield code="a">Branda, Paul.</marc:subfield></marc:datafield><marc:datafield ind1="1" ind2="0" tag="245"><marc:subfield code="a">Germes et embryons.</marc:subfield></marc:datafield><marc:datafield ind1=" " ind2=" " tag="260"><marc:subfield code="a">Paris :</marc:subfield><marc:subfield code="b">Fischbacher,</marc:subfield><marc:subfield code="c">1893.</marc:subfield></marc:datafield><marc:datafield ind1=" " ind2=" " tag="300"><marc:subfield code="a">IV, 103 p.</marc:subfield></marc:datafield><marc:datafield ind1=" " ind2=" " tag="500"><marc:subfield code="a">Paul Branda is ps. of P.E.M. Reveillere.</marc:subfield></marc:datafield><marc:datafield ind1=" " ind2=" " tag="690"><marc:subfield code="a">F 2911</marc:subfield><marc:subfield code="b">France; social history; after 1789; social ideas, movements; various ideas and movements; 1871 - 1914</marc:subfield><marc:subfield code="c">Frankrijk; sociale geschiedenis; na 1789; sociale ideeën en bewegingen; andere stromingen en aktiviteiten op sociaal gebied; andere stromingen; 1871 - 1914.</marc:subfield></marc:datafield><marc:datafield ind1=" " ind2=" " tag="852"><marc:subfield code="a">IISG</marc:subfield><marc:subfield code="b">IISG</marc:subfield><marc:subfield code="c">IISG</marc:subfield><marc:subfield code="j">F 2911/636</marc:subfield><marc:subfield code="p">N10058008</marc:subfield></marc:datafield><marc:datafield ind1=" " ind2=" " tag="901"><marc:subfield code="a">306989</marc:subfield><marc:subfield code="b">Unknown</marc:subfield><marc:subfield code="c">306989</marc:subfield><marc:subfield code="t">biblio</marc:subfield></marc:datafield><marc:datafield ind1=" " ind2=" " tag="902"><marc:subfield code="a">10622/5EABCD27-7819-4326-8CC6-149CE6B93F17</marc:subfield></marc:datafield></marc:record>